@book{intro_ls,
  title={Introduction to logistics systems planning and control},
  author={Ghiani, Gianpaolo and Laporte, Gilbert and Musmanno, Roberto},
  year={2004},
  publisher={John Wiley \& Sons}
}
@article{sp_tut,
  title={A tutorial on stochastic programming},
  author={Shapiro, Alexander and Philpott, Andy},
  note = {Accessed: 2018---12---05},
  journal={Manuscript available at \url{www2.isye.gatech. edu/ashapiro/publications. html}},
  year={2007}
}

@book{sp_book,
  title={Lectures on stochastic programming: modeling and theory},
  author={Shapiro, Alexander and Dentcheva, Darinka and Ruszczy{\'n}ski, Andrzej},
  year={2009},
  publisher={SIAM}
}

@incollection{sachs2015data,
  title={The data-driven newsvendor with censored demand observations},
  author={Sachs, Anna-Lena},
  booktitle={Retail Analytics},
  pages={35--56},
  year={2015},
  publisher={Springer}
}

@article{oroojlooyjadid2016applying,
  title={Applying deep learning to the newsvendor problem},
  author={Oroojlooyjadid, Afshin and Snyder, Lawrence and Tak{\'a}{\v{c}}, Martin},
  journal={arXiv preprint arXiv:1607.02177},
  year={2016}
}

@article{levina2010weak,
  title={Weak aggregating algorithm for the distribution-free perishable inventory problem},
  author={Levina, Tatsiana and Levin, Yuri and McGill, Jeff and Nediak, Mikhail and Vovk, Vladimir},
  journal={Operations Research Letters},
  volume={38},
  number={6},
  pages={516--521},
  year={2010},
  publisher={Elsevier}
}

@article{ning2009fulfillment,
  title={Fulfillment of retailer demand by using the MDL-optimal neural network prediction and decision policy},
  author={Ning, Andrew and Lau, Henry CW and Zhao, Yi and Wong, TT},
  journal={IEEE Transactions on Industrial Informatics},
  volume={5},
  number={4},
  pages={495--506},
  year={2009},
  publisher={IEEE}
}

@article{daniel2005simulation,
  title={A simulation-based genetic algorithm for inventory optimization in a serial supply chain},
  author={Daniel, J Sudhir Ryan and Rajendran, Chandrasekharan},
  journal={International Transactions in Operational Research},
  volume={12},
  number={1},
  pages={101--127},
  year={2005},
  publisher={Wiley Online Library}
}
@article{kim2015optimal,
  title={Optimal inventory control in a multi-period newsvendor problem with non-stationary demand},
  author={Kim, Gitae and Wu, Kan and Huang, Edward},
  journal={Advanced Engineering Informatics},
  volume={29},
  number={1},
  pages={139--145},
  year={2015},
  publisher={Elsevier}
}

@article{levi2007provably,
  title={Provably near-optimal sampling-based policies for stochastic inventory control models},
  author={Levi, Retsef and Roundy, Robin O and Shmoys, David B},
  journal={Mathematics of Operations Research},
  volume={32},
  number={4},
  pages={821--839},
  year={2007},
  publisher={INFORMS}
}

@article{rockafellar1991scenarios,
  title={Scenarios and policy aggregation in optimization under uncertainty},
  author={Rockafellar, R Tyrrell and Wets, Roger J-B},
  journal={Mathematics of operations research},
  volume={16},
  number={1},
  pages={119--147},
  year={1991},
  publisher={INFORMS}
}
@article{benders1962partitioning,
  title={Partitioning procedures for solving mixed-variables programming problems},
  author={Benders, Jacques F},
  journal={Numerische mathematik},
  volume={4},
  number={1},
  pages={238--252},
  year={1962},
  publisher={Springer}
}

@article{scarf1958min,
  title={A min max solution of an inventory problem},
  author={Scarf, Herbert},
  journal={Studies in the mathematical theory of inventory and production},
  year={1958},
  publisher={Stanford University Press}
}

@inproceedings{brown1957exponential,
  title={Exponential smoothing for predicting demand},
  author={Brown, Robert G},
  booktitle={Operations Research},
  volume={5},
  number={1},
  pages={145--145},
  year={1957},
  organization={INST OPERATIONS RESEARCH MANAGEMENT SCIENCES 901 ELKRIDGE LANDING RD, STE 400, LINTHICUM HTS, MD 21090-2909}
}
@article{winters1960forecasting,
  title={Forecasting sales by exponentially weighted moving averages},
  author={Winters, Peter R},
  journal={Management science},
  volume={6},
  number={3},
  pages={324--342},
  year={1960},
  publisher={INFORMS}
}
@article{holt2004forecasting,
  title={Forecasting seasonals and trends by exponentially weighted moving averages},
  author={Holt, Charles C},
  journal={International journal of forecasting},
  volume={20},
  number={1},
  pages={5--10},
  year={2004},
  publisher={Elsevier}
}

@article{shahin2017using,
  title={Using Multiple Seasonal Holt-Winters Exponential Smoothing to Predict Cloud Resource Provisioning},
  author={Shahin, Ashraf A},
  journal={arXiv preprint arXiv:1701.03296},
  year={2017}
}

@book{box2015time,
  title={Time series analysis: forecasting and control},
  author={Box, George EP and Jenkins, Gwilym M and Reinsel, Gregory C and Ljung, Greta M},
  year={2015},
  publisher={John Wiley \& Sons}
}
@article{de200625,
  title={25 years of time series forecasting},
  author={De Gooijer, Jan G and Hyndman, Rob J},
  journal={International journal of forecasting},
  volume={22},
  number={3},
  pages={443--473},
  year={2006},
  publisher={Elsevier}
}
@article{heuts1988forecasting,
  title={Forecasting the Dutch heavy truck market: A multivariate approach},
  author={Heuts, RMJ and Bronckers, JHJM},
  journal={International Journal of Forecasting},
  volume={4},
  number={1},
  pages={57--79},
  year={1988},
  publisher={Elsevier}
}
@article{layton1986international,
  title={An international comparison of economic leading indicators of telecommunications traffic},
  author={Layton, Allan P and Defris, Lorraine V and Zehnwirth, Ben},
  journal={International Journal of Forecasting},
  volume={2},
  number={4},
  pages={413--425},
  year={1986},
  publisher={Elsevier}
}

@article{zhang1998forecasting,
  title={Forecasting with artificial neural networks:: The state of the art},
  author={Zhang, Guoqiang and Patuwo, B Eddy and Hu, Michael Y},
  journal={International journal of forecasting},
  volume={14},
  number={1},
  pages={35--62},
  year={1998},
  publisher={Elsevier}
}
@article{zhang2003time,
  title={Time series forecasting using a hybrid ARIMA and neural network model},
  author={Zhang, G Peter},
  journal={Neurocomputing},
  volume={50},
  pages={159--175},
  year={2003},
  publisher={Elsevier}
}

@inproceedings{laptev2017time,
  title={Time-series extreme event forecasting with neural networks at uber},
  author={Laptev, Nikolay and Yosinski, Jason and Li, Li Erran and Smyl, Slawek},
  booktitle={International Conference on Machine Learning},
  year={2017}
}
@inproceedings{zhu2017deep,
  title={Deep and Confident Prediction for Time Series at Uber},
  author={Zhu, Lingxue and Laptev, Nikolay},
  booktitle={Data Mining Workshops (ICDMW), 2017 IEEE International Conference on},
  pages={103--110},
  year={2017},
  organization={IEEE}
}
@article{orozco2018mordred,
  title={MOrdReD: Memory-based Ordinal Regression Deep Neural Networks for Time Series Forecasting},
  author={Orozco, Bernardo P{\'e}rez and Abbati, Gabriele and Roberts, Stephen},
  journal={arXiv preprint arXiv:1803.09704},
  year={2018}
}
@URL{gurobi,
    title={ Gurobi Modeling 2},
    author   = "Gurobi Optimization, Inc.",
    year     = "2016",
    note = {Accessed: 2018---12---05},
   howpublished = {\url{http://www.gurobi.com/pdfs/user-events/2017-frankfurt/Modeling-2.pdf}}
}
@article{gade2016obtaining,
  title={Obtaining lower bounds from the progressive hedging algorithm for stochastic mixed-integer programs},
  author={Gade, Dinakar and Hackebeil, Gabriel and Ryan, Sarah M and Watson, Jean-Paul and Wets, Roger J-B and Woodruff, David L},
  journal={Mathematical Programming},
  volume={157},
  number={1},
  pages={47--67},
  year={2016},
  publisher={Springer}
}
@article{watson2008progressive,
  title={Progressive hedging innovations for a class of stochastic resource allocation problems},
  author={Watson, Jean-Paul and Woodruff, David L and Strip, David R},
  year={2008}
}
@book{hyndman2014forecasting,
  title={Forecasting: principles and practice},
  author={Hyndman, Rob J and Athanasopoulos, George},
  year={2014},
  publisher={OTexts}
}
@incollection{eoq,
  title={The economic order-quantity (EOQ) model},
  author={Schwarz, Leroy B},
  booktitle={Building Intuition},
  pages={135--154},
  year={2008},
  publisher={Springer}
}
@article{unempl,
  title={Google econometrics and unemployment forecasting},
  author={Askitas, Nikolaos and Zimmermann, Klaus F},
  journal={Applied Economics Quarterly},
  volume={55},
  number={2},
  pages={107--120},
  year={2009},
  publisher={Duncker \& Humblot}
}
@article{supply,
  title={Inventory Management, Part 2},
  author={Annie Chen},
  year={2014},
  note = {Accessed: 2018---12---05},
  journal = {available at \url{https://ocw.mit.edu/courses/sloan-school-of-management/15-772j-d-lab-supply-chains-fall-2014/lecture-notes/MIT15_772JF14_Lec14.pdf}}
   }
@article{hydro,
  title={Short-term hydropower production planning by stochastic programming},
  author={Fleten, Stein-Erik and Kristoffersen, Trine Krogh},
  journal={Computers \& Operations Research},
  volume={35},
  number={8},
  pages={2656--2671},
  year={2008},
  publisher={Elsevier}
}
@article{surgery,
  title={Optimization methods for a stochastic surgery planning problem},
  author={Lamiri, Mehdi and Grimaud, Fr{\'e}d{\'e}ric and Xie, Xiaolan},
  journal={International Journal of Production Economics},
  volume={120},
  number={2},
  pages={400--410},
  year={2009},
  publisher={Elsevier}
}
@article{telco,
  title={Multistage stochastic programming in strategic telecommunication network planning},
  author={Eisenbl{\"a}tter, Andreas and Schweiger, Jonas},
  journal={Computational Management Science},
  volume={9},
  number={3},
  pages={303--321},
  year={2012},
  publisher={Springer}
}
@inproceedings{bfgs,
  title={BFGS optimization for faster and automated supervised learning},
  author={Battiti, Roberto and Masulli, Francesco},
  booktitle={International neural network conference},
  pages={757--760},
  year={1990},
  organization={Springer}
}
@article{prophet,
  title={Forecasting at scale},
  author={Taylor, Sean J and Letham, Benjamin},
  journal={The American Statistician},
  year={2017},
  publisher={Taylor \& Francis}
}
@article{sarimax,
  title={Application of SARIMAX model to forecast daily sales in food retail industry},
  author={Arunraj, Nari Sivanandam and Ahrens, Diane and Fernandes, Michael},
  journal={International Journal of Operations Research and Information Systems (IJORIS)},
  volume={7},
  number={2},
  pages={1--21},
  year={2016},
  publisher={IGI Global}
}
@article{hampel,
  title={Generalized hampel filters},
  author={Pearson, Ronald K and Neuvo, Yrj{\"o} and Astola, Jaakko and Gabbouj, Moncef},
  journal={EURASIP Journal on Advances in Signal Processing},
  volume={2016},
  number={1},
  pages={87},
  year={2016},
  publisher={Springer}
}